<record><leader>00000cas a2200000 a 4500</leader><controlfield tag="001">30837243</controlfield><controlfield tag="008">940727d19uu1959iluwr ne      0   a0eng c</controlfield><datafield ind1=" " ind2=" " tag="010"><subfield code="a">sn 94054534 </subfield></datafield><datafield ind1=" " ind2=" " tag="040"><subfield code="a">NVF</subfield><subfield code="b">eng</subfield><subfield code="c">NVF</subfield><subfield code="d">OCLCQ</subfield><subfield code="d">OCLCF</subfield><subfield code="d">OCLCO</subfield><subfield code="d">NVF</subfield></datafield><datafield ind1=" " ind2=" " tag="042"><subfield code="a">pcc</subfield></datafield><datafield ind1=" " ind2=" " tag="043"><subfield code="a">n-us-il</subfield></datafield><datafield ind1="0" ind2=" " tag="130"><subfield code="a">Palatine enterprise (Palatine, Ill. : Hoffman Estates, Schaumburg ed.)</subfield></datafield><datafield ind1="1" ind2="0" tag="245"><subfield code="a">Palatine enterprise.</subfield></datafield><datafield ind1=" " ind2=" " tag="250"><subfield code="a">Hoffman Estates, Schaumburg ed.</subfield></datafield><datafield ind1=" " ind2=" " tag="260"><subfield code="a">Palatine, Ill. :</subfield><subfield code="b">Paddock Publications</subfield></datafield><datafield ind1=" " ind2=" " tag="300"><subfield code="a">v.</subfield></datafield><datafield ind1=" " ind2=" " tag="310"><subfield code="a">Weekly</subfield></datafield><datafield ind1="0" ind2=" " tag="362"><subfield code="a">-81st year, [no.] 52 (Jan. 15, 1959).</subfield></datafield><datafield ind1=" " ind2=" " tag="588"><subfield code="a">Description based on: 81st year, [no.] 4 (Feb. 13, 1958).</subfield></datafield><datafield ind1=" " ind2="0" tag="651"><subfield code="a">Hoffman Estates (Ill.)</subfield><subfield code="v">Newspapers.</subfield></datafield><datafield ind1=" " ind2="0" tag="651"><subfield code="a">Schaumburg (Ill.)</subfield><subfield code="v">Newspapers.</subfield></datafield><datafield ind1=" " ind2="7" tag="651"><subfield code="a">Illinois</subfield><subfield code="z">Hoffman Estates.</subfield><subfield code="2">fast</subfield><subfield code="0">(OCoLC)fst01219104</subfield></datafield><datafield ind1=" " ind2="7" tag="651"><subfield code="a">Illinois</subfield><subfield code="z">Schaumburg.</subfield><subfield code="2">fast</subfield><subfield code="0">(OCoLC)fst01219146</subfield></datafield><datafield ind1=" " ind2="7" tag="655"><subfield code="a">Newspapers.</subfield><subfield code="2">fast</subfield><subfield code="0">(OCoLC)fst01423814</subfield></datafield><datafield ind1=" " ind2=" " tag="752"><subfield code="a">United States</subfield><subfield code="b">Illinois</subfield><subfield code="c">Cook County</subfield><subfield code="d">Palatine.</subfield></datafield><datafield ind1="0" ind2="0" tag="785"><subfield code="t">Hoffman herald (Hoffman Estates, Ill.)</subfield><subfield code="w">(DLC)sn 87062374</subfield><subfield code="w">(OCoLC)16770262</subfield></datafield><datafield ind1="1" ind2=" " tag="029"><subfield code="a">AU@</subfield><subfield code="b">000025883505</subfield></datafield></record>